@article{ctyoovw,
author = {McKinnon, Katherine M.},
title = {Flow Cytometry: An Overview},
journal = {Current Protocols in Immunology},
volume = {120},
number = {1},
pages = {5.1.1-5.1.11},
keywords = {flow cytometry, fluorescence, reagents, light scatter},
doi = {https://doi.org/10.1002/cpim.40},
url = {https://currentprotocols.onlinelibrary.wiley.com/doi/abs/10.1002/cpim.40},
year = {2018}
}


@article{fundcyto2011bake,
author={Bakke, Antony C.},
   title={The Principles of Flow Cytometry},
   journal={Laboratory Medicine, Volume 32, Issue 4, April 2001},
   volume={32},
   year=2001,
   pages={207–211},
   month = {04},
   issn = {0007-5027},
   doi = {10.1309/2H43-5EC2-K22U-YC6T},
   url = {https://doi.org/10.1309/2H43-5EC2-K22U-YC6T},
   eprint = {https://academic.oup.com/labmed/article-pdf/32/4/207/24958163/labmed32-0207.pdf},
}

@article {mixmat,
	Title = {Generalized unmixing model for multispectral flow cytometry utilizing nonsquare compensation matrices},
	Author = {Novo, David and Grégori, Gérald and Rajwa, Bartek},
	DOI = {10.1002/cyto.a.22272},
	Number = {5},
	Volume = {83},
	Month = {May},
	Year = {2013},
	Journal = {Cytometry. Part A : the journal of the International Society for Analytical Cytology},
	ISSN = {1552-4922},
	Pages = {508—520},
	URL = {https://europepmc.org/articles/PMC4177998}
}


@article{40OMIP2020,
  author={Park LM, Lannigan J, Jaimes MC.},
  title={OMIP-069: Forty-Color Full Spectrum Flow Cytometry Panel for Deep Immunophenotyping of ajor Cell Subsets in Human Peripheral Blood},
  journal={Cytometry A.},
  volume={10},
  year=2020,
  pages={1044-1051}
}

@article{unmix2013nonsq,
author={Novo D, Grégori G, Rajwa B.},
   title={Generalized unmixing model for multispectral flow cytometry utilizing nonsquare compensation matrices.},
   journal={Cytometry A.},
   volume={(5},
   year=2013,
   pages={508-520}
}

@book{anton2005elementary,
  title={Elementary Linear Algebra with Applications},
  author={Anton, H. and Rorres, C.},
  isbn={9780471669593},
  lccn={2005276286},
  url={https://books.google.cz/books?id=KUuQQgAACAAJ},
  year={2005},
  publisher={Wiley}
}

@book{gallier2020algebra,
  title={Algebra, Topology, Differential Calculus, and Optimization Theory For Computer Science and Machine Learning},
  author={Gallier, J. and Quaintance, J.},
  isbn={NA},
  lccn={NA},
  url={https://www.cis.upenn.edu/~jean/math-deep.pdf},
  year={2020},
  publisher={University of Pennsylvania}
}

@article{Bro1997AFN,
  title={A fast non‐negativity‐constrained least squares algorithm},
  author={Rasmus Bro and Sijmen de Jong},
  journal={Journal of Chemometrics},
  year={1997},
  volume={11}
}

@article{noise1985,
  title={Linearity and noise sources in flow cytometry},
  author={P. Ubezio, A. Andreoni},
  journal={ Cytometry},
  year={1985},
  volume={6,2}
}

@book{knuth1979tex,
  title={TEX and METAFONT: New directions in typesetting},
  author={Knuth, Donald Ervin},
  year={1979},
  publisher={American Mathematical Society}
}

@book{lamport1994latex,
  title={LATEX: a document preparation system: user's guide and reference manual},
  author={Lamport, Leslie},
  year={1994},
  publisher={Addison-Wesley}
}

@book{glasman2010science,
  title={Science research writing for non-native speakers of English},
  author={Glasman-Deal, Hilary},
  year={2010},
  publisher={World Scientific}
}

@book{sparling1989english,
  title={English or Czenglish? Jak se vyhnout čechismům v angličtině},
  author={Sparling, Don},
  year={1989},
  publisher={Státní pedagogické nakladatelství}
}

@book{tufte1990envisioning,
  title={Envisioning information},
  author={Tufte, Edward R and Goeler, Nora Hillman and Benson, Richard},
  year={1990},
  publisher={Graphics press Cheshire, CT}
}

@book{tufte1983visual,
  title={Visual display of quantitative information},
  author={Tufte, Edward R},
  year={1983},
  publisher={Graphics press Cheshire, CT}
}

@article{af1,
author = {Wagnieres, Georges A. and Star, Willem M. and Wilson, Brian C.},
title = {In Vivo Fluorescence Spectroscopy and Imaging for Oncological Applications},
journal = {Photochemistry and Photobiology},
volume = {68},
number = {5},
pages = {603-632},
doi = {https://doi.org/10.1111/j.1751-1097.1998.tb02521.x},
url = {https://onlinelibrary.wiley.com/doi/abs/10.1111/j.1751-1097.1998.tb02521.x},
eprint = {https://onlinelibrary.wiley.com/doi/pdf/10.1111/j.1751-1097.1998.tb02521.x},
year = {1998}
}

@Article{ESOMpap,
    title = {Generalized EmbedSOM on quadtree-structured
      self-organizing maps.},
    author = {Miroslav Kratochvíl and Abhishek Koladiya and Jiří
      Vondrášek},
    year = {2019},
    journal = {F1000Research},
    url = {https://f1000research.com/articles/8-2120},
    doi = {10.12688/f1000research.21642.1},
}

@book{asinh,
author = {Gramacki, Artur},
title = {Nonparametric Kernel Density Estimation and Its Computational Aspects},
year = {2017},
isbn = {3319716875},
publisher = {Springer Publishing Company, Incorporated},
pages = {153-154}
}

@article{af2,
author = {R C Benson and R A Meyer and M E Zaruba and G M McKhann},
title ={Cellular autofluorescence--is it due to flavins?},
journal = {Journal of Histochemistry \& Cytochemistry},
volume = {27},
number = {1},
pages = {44-48},
year = {1979},
doi = {10.1177/27.1.438504},
URL = { https://doi.org/10.1177/27.1.438504}
}

@article{af_ranges,
author = {Shilova, Olga and Shilov, Evgeny and Deyev, Sergey},
year = {2017},
month = {08},
pages = {},
title = {The effect of trypan blue treatment on autofluorescence of fixed cells},
volume = {91},
journal = {Cytometry Part A},
doi = {10.1002/cyto.a.23199}
}

@book{scatter98,
publisher = {John Wiley and Sons, Ltd},
isbn = {9783527618156},
title = {Absorption and Scattering of Light by Small Particles},
doi = {https://doi.org/10.1002/9783527618156.ch1},
url = {https://onlinelibrary.wiley.com/doi/abs/10.1002/9783527618156.ch1},
eprint = {https://onlinelibrary.wiley.com/doi/pdf/10.1002/9783527618156.ch1},
year = {1998}
}

@article{cor2018,
author = {Akoglu, Haldun},
year = {2018},
month = {08},
pages = {},
title = {User's guide to correlation coefficients},
volume = {18},
journal = {Turkish Journal of Emergency Medicine},
doi = {10.1016/j.tjem.2018.08.001}
}

@article{bayes_multipoint,
author = {Wang, Jialei and Clark, Scott and Liu, Eric and Frazier, Peter},
year = {2016},
month = {02},
pages = {},
title = {Parallel Bayesian Global Optimization of Expensive Functions},
volume = {68},
journal = {Operations Research},
doi = {10.1287/opre.2019.1966}
}

@article{Bayes2016,
  title={Taking the Human Out of the Loop: A Review of Bayesian Optimization},
  author={Bobak Shahriari and Kevin Swersky and Ziyun Wang and Ryan P. Adams and Nando de Freitas},
  journal={Proceedings of the IEEE},
  year={2016},
  volume={104},
  pages={148-175}
}

@book{wilke2019fundamentals,
  title={Fundamentals of Data Visualization},
  author={Wilke, Claus O},
  year={2019},
  publisher={O'Reilly Media, Inc.},
  url={https://clauswilke.com/dataviz/},
  isbn={9781492031086}
}

@techreport{tantau2015tikz,
  title={The TikZ and PGF Packages (Manual for version 3.1.8b)},
  author={Tantau, Till},
  year={2020},
  institution={Institut fur Theoretische Informatik Universitat zu Lubeck},
  url={http://mirrors.ctan.org/graphics/pgf/base/doc/pgfmanual.pdf}
}

@article{HydrodynF2012,
  title={Hydrodynamic focusing--a versatile tool},
  author={Golden, Joel P et al.},
  journal={Analytical and bioanalytical chemistry},
  year={2012},
  volume={402(1)},
  doi = {10.1007/s00216-011-5415-3}
}
@article{PosNoiseSteen92,
  title={Noise, Sensitivity and Resolution of Flow Cytometers},
  author={Steen, Harald B.},
  journal={Cytometry},
  year={1992},
  volume={13(8)}
}
@article{FlCytEl04,
  title={Flow cytometer electronics},
  author={Snow, Christopher},
  journal={Cytometry Part A : the journal of the International Society for Analytical Cytology},
  year={2004},
  volume={57(2)}
}

@article{MandelPoisStat1959,
	doi = {10.1088/0370-1328/74/3/301},
	url = {https://doi.org/10.1088/0370-1328/74/3/301},
	year = 1959,
	publisher = {{IOP} Publishing},
	volume = {74},
	number = {3},
	pages = {233--243},
	author = {L Mandel},
	title = {Fluctuations of Photon Beams: The Distribution of the Photo-Electrons},
	journal = {Proceedings of the Physical Society},
}